<record><leader>00000cas a22000007i 4500</leader><controlfield tag="001">663121661</controlfield><controlfield tag="006">m     o  d        </controlfield><controlfield tag="007">cr |||||||||||</controlfield><controlfield tag="008">100909d18371840nyudn n o     0   a0eng d</controlfield><datafield ind1=" " ind2=" " tag="010"><subfield code="a">  2016271171</subfield></datafield><datafield ind1=" " ind2=" " tag="040"><subfield code="a">CUI</subfield><subfield code="b">eng</subfield><subfield code="e">rda</subfield><subfield code="c">CUI</subfield><subfield code="d">OCLCF</subfield><subfield code="d">OCLCO</subfield><subfield code="d">DLC</subfield><subfield code="d">OCLCO</subfield></datafield><datafield ind1="0" ind2=" " tag="022"><subfield code="a">2474-3208</subfield><subfield code="2">1</subfield></datafield><datafield ind1=" " ind2=" " tag="042"><subfield code="a">msc</subfield><subfield code="a">nsdp</subfield></datafield><datafield ind1=" " ind2=" " tag="043"><subfield code="a">n-us-ny</subfield></datafield><datafield ind1="1" ind2="0" tag="050"><subfield code="a">ISSN RECORD</subfield></datafield><datafield ind1=" " ind2="4" tag="050"><subfield code="a">AN</subfield></datafield><datafield ind1="1" ind2="0" tag="082"><subfield code="a">071</subfield><subfield code="2">23</subfield></datafield><datafield ind1="0" ind2=" " tag="130"><subfield code="a">Morning herald (New York, N.Y. : 1837 )</subfield></datafield><datafield ind1=" " ind2="0" tag="222"><subfield code="a">Morning herald (New York, N.Y. 1837. Online)</subfield></datafield><datafield ind1="1" ind2="0" tag="245"><subfield code="a">Morning herald.</subfield></datafield><datafield ind1=" " ind2="1" tag="264"><subfield code="a">New York [N.Y.] :</subfield><subfield code="b">James Gordon Bennett,</subfield><subfield code="c">1837-</subfield></datafield><datafield ind1=" " ind2=" " tag="300"><subfield code="a">1 online resource</subfield></datafield><datafield ind1=" " ind2=" " tag="310"><subfield code="a">Daily (except Sunday)</subfield></datafield><datafield ind1=" " ind2=" " tag="336"><subfield code="a">text</subfield><subfield code="b">txt</subfield><subfield code="2">rdacontent</subfield></datafield><datafield ind1=" " ind2=" " tag="337"><subfield code="a">computer</subfield><subfield code="b">c</subfield><subfield code="2">rdamedia</subfield></datafield><datafield ind1=" " ind2=" " tag="338"><subfield code="a">online resource</subfield><subfield code="b">cr</subfield><subfield code="2">rdacarrier</subfield></datafield><datafield ind1="1" ind2=" " tag="362"><subfield code="a">Began with volume III, no. 1 (May 22, 1837); ceased with vol. V, no. 412 (September 19, 1840).</subfield></datafield><datafield ind1=" " ind2=" " tag="580"><subfield code="a">Evening eds.: Evening chronicle (New York, N.Y. : 1837), 1837, and: Evening herald (New York, N.Y. : 1837), 1837-&lt;1839&gt;.</subfield></datafield><datafield ind1=" " ind2=" " tag="588"><subfield code="a">Description based on: Volume III, No. 1 (May 22, 1837); title from masthead (Chroniclingamerica.loc.gov, viewed September 21, 2016).</subfield></datafield><datafield ind1=" " ind2=" " tag="588"><subfield code="a">Latest issue consulted: Vol. V, no. 412 (September 19, 1840) (Chroniclingamerica.loc.gov, viewed September 21, 2016).</subfield></datafield><datafield ind1=" " ind2="0" tag="651"><subfield code="a">New York (N.Y.)</subfield><subfield code="v">Newspapers.</subfield></datafield><datafield ind1=" " ind2="0" tag="651"><subfield code="a">New York County (N.Y.)</subfield><subfield code="v">Newspapers.</subfield></datafield><datafield ind1=" " ind2="7" tag="651"><subfield code="a">New York (State)</subfield><subfield code="z">New York.</subfield><subfield code="2">fast</subfield><subfield code="0">(OCoLC)fst01204333</subfield></datafield><datafield ind1=" " ind2="7" tag="651"><subfield code="a">New York (State)</subfield><subfield code="z">New York County.</subfield><subfield code="2">fast</subfield><subfield code="0">(OCoLC)fst01234953</subfield></datafield><datafield ind1=" " ind2="7" tag="655"><subfield code="a">Newspapers.</subfield><subfield code="2">fast</subfield><subfield code="0">(OCoLC)fst01423814</subfield></datafield><datafield ind1=" " ind2=" " tag="752"><subfield code="a">United States</subfield><subfield code="b">New York</subfield><subfield code="c">New York</subfield><subfield code="d">New York.</subfield></datafield><datafield ind1="0" ind2=" " tag="775"><subfield code="t">Weekly herald extra</subfield></datafield><datafield ind1="0" ind2=" " tag="775"><subfield code="t">Weekly herald (New York, N.Y. : 1836)</subfield></datafield><datafield ind1="1" ind2=" " tag="775"><subfield code="t">Evening chronicle (New York, N.Y. : 1837)</subfield></datafield><datafield ind1="1" ind2=" " tag="775"><subfield code="t">Evening herald (New York, N.Y. : 1837)</subfield></datafield><datafield ind1="0" ind2=" " tag="775"><subfield code="t">Weekly herald of fashion</subfield></datafield><datafield ind1="0" ind2="8" tag="776"><subfield code="i">Originally issued in print:</subfield><subfield code="t">Morning herald (New York, N.Y. : 1837)</subfield><subfield code="x">2474-3194</subfield><subfield code="w">(DLC)sn 83030312</subfield><subfield code="w">(OCoLC)9467104</subfield></datafield><datafield ind1="0" ind2="0" tag="780"><subfield code="t">Herald (New York, N.Y. : 1835 : Online)</subfield></datafield><datafield ind1="0" ind2="0" tag="785"><subfield code="t">New York herald (New York, N.Y. : 1840 : Online)</subfield></datafield><datafield ind1="4" ind2=" " tag="856"><subfield code="u">http://gale.cengage.com/usnewspapers/</subfield><subfield code="z">Available to subscribing institutions</subfield></datafield><datafield ind1="4" ind2="0" tag="856"><subfield code="u">http://chroniclingamerica.loc.gov/lccn/sn83030312/issues/</subfield></datafield></record>